@inproceedings{Pal_2020,
   title={MAGNET: Multi-Label Text Classification using Attention-based Graph Neural Network},
   url={http://dx.doi.org/10.5220/0008940304940505},
   DOI={10.5220/0008940304940505},
   booktitle={Proceedings of the 12th International Conference on Agents and Artificial Intelligence},
   publisher={SCITEPRESS - Science and Technology Publications},
   author={Pal, Ankit and Selvakumar, Muru and Sankarasubbu, Malaikannan},
   year={2020} }

@misc{vennerød2021longshorttermmemoryrnn,
      title={Long Short-term Memory RNN}, 
      author={Christian Bakke Vennerød and Adrian Kjærran and Erling Stray Bugge},
      year={2021},
      eprint={2105.06756},
      archivePrefix={arXiv},
      primaryClass={cs.LG},
      url={https://arxiv.org/abs/2105.06756}, 
}
@misc{demszky2020goemotionsdatasetfinegrainedemotions,
      title={GoEmotions: A Dataset of Fine-Grained Emotions}, 
      author={Dorottya Demszky and Dana Movshovitz-Attias and Jeongwoo Ko and Alan Cowen and Gaurav Nemade and Sujith Ravi},
      year={2020},
      eprint={2005.00547},
      archivePrefix={arXiv},
      primaryClass={cs.CL},
      url={https://arxiv.org/abs/2005.00547}, 
}
@misc{devlin2019bertpretrainingdeepbidirectional,
      title={BERT: Pre-training of Deep Bidirectional Transformers for Language Understanding}, 
      author={Jacob Devlin and Ming-Wei Chang and Kenton Lee and Kristina Toutanova},
      year={2019},
      eprint={1810.04805},
      archivePrefix={arXiv},
      primaryClass={cs.CL},
      url={https://arxiv.org/abs/1810.04805}, 
}